@misc{HTCPCP,
    author    = "L. Masinter",
    title     = "RFC 2324 - Hyper Text Coffee Pot Control Protocol (HTCPCP/1.0)",
    year = "1998",
    howpublished = "\url{https://tools.ietf.org/html/rfc2324}"
}

@misc{SpringGuide,
	author = "Spring",
	title = "Getting Started - Handling Form Submissions",
	howpublished = "\url{http://spring.io/guides/gs/handling-form-submission/}"
}

@misc{JArduino,
	author = "SINTEF-9012",
	title = "SINTEF-9012/JAruino",
	howpublished = "\url{https://github.com/SINTEF-9012/JArduino}"
}

@misc{RXTX,
	author = "Rxtx",
	title = "Rxtx",
	howpublished = "\url{http://rxtx.qbang.org/wiki/index.php/Main_Page}"
}